@techreport{manning2024automated,
  title={Automated social science: Language models as scientist and subjects},
  author={Manning, Benjamin S and Zhu, Kehang and Horton, John J},
  year={2024},
  institution={National Bureau of Economic Research}
}

@article{matsumoto2020goal,
  title={Goal-directed planning for habituated agents by active inference using a variational recurrent neural network},
  author={Matsumoto, Takazumi and Tani, Jun},
  journal={Entropy},
  volume={22},
  number={5},
  pages={564},
  year={2020},
  publisher={MDPI}
}

@article{jiang2023evaluating,
  title={Evaluating and inducing personality in pre-trained language models},
  author={Jiang, Guangyuan and Xu, Manjie and Zhu, Song-Chun and Han, Wenjuan and Zhang, Chi and Zhu, Yixin},
  journal={Advances in Neural Information Processing Systems},
  volume={36},
  pages={10622--10643},
  year={2023}
}

@inproceedings{park2023generative,
  title={Generative agents: Interactive simulacra of human behavior},
  author={Park, Joon Sung and O'Brien, Joseph and Cai, Carrie Jun and Morris, Meredith Ringel and Liang, Percy and Bernstein, Michael S},
  booktitle={Proceedings of the 36th annual acm symposium on user interface software and technology},
  pages={1--22},
  year={2023}
}

@article{argyle2023out,
  title={Out of one, many: Using language models to simulate human samples},
  author={Argyle, Lisa P and Busby, Ethan C and Fulda, Nancy and Gubler, Joshua R and Rytting, Christopher and Wingate, David},
  journal={Political Analysis},
  volume={31},
  number={3},
  pages={337--351},
  year={2023},
  publisher={Cambridge University Press}
}

@article{serapio2023personality,
  title={Personality traits in large language models},
  author={Serapio-Garc{\'\i}a, Gregory and Safdari, Mustafa and Crepy, Cl{\'e}ment and Sun, Luning and Fitz, Stephen and Abdulhai, Marwa and Faust, Aleksandra and Matari{\'c}, Maja},
  year={2023}
}

@article{jiang2023personallm,
  title={PersonaLLM: Investigating the ability of large language models to express personality traits},
  author={Jiang, Hang and Zhang, Xiajie and Cao, Xubo and Breazeal, Cynthia and Roy, Deb and Kabbara, Jad},
  journal={arXiv preprint arXiv:2305.02547},
  year={2023}
}

@article{sun2024random,
  title={Random silicon sampling: Simulating human sub-population opinion using a large language model based on group-level demographic information},
  author={Sun, Seungjong and Lee, Eungu and Nan, Dongyan and Zhao, Xiangying and Lee, Wonbyung and Jansen, Bernard J and Kim, Jang Hyun},
  journal={arXiv preprint arXiv:2402.18144},
  year={2024}
}

@article{gupta2023self,
  title={Self-assessment tests are unreliable measures of LLM personality},
  author={Gupta, Akshat and Song, Xiaoyang and Anumanchipalli, Gopala},
  journal={arXiv preprint arXiv:2309.08163},
  year={2023}
}

@inproceedings{santurkar2023whose,
  title={Whose opinions do language models reflect?},
  author={Santurkar, Shibani and Durmus, Esin and Ladhak, Faisal and Lee, Cinoo and Liang, Percy and Hashimoto, Tatsunori},
  booktitle={International Conference on Machine Learning},
  pages={29971--30004},
  year={2023},
  organization={PMLR}
}

@article{shu2023you,
  title={You don't need a personality test to know these models are unreliable: Assessing the Reliability of Large Language Models on Psychometric Instruments},
  author={Shu, Bangzhao and Zhang, Lechen and Choi, Minje and Dunagan, Lavinia and Logeswaran, Lajanugen and Lee, Moontae and Card, Dallas and Jurgens, David},
  journal={arXiv preprint arXiv:2311.09718},
  year={2023}
}

%%% --- Placeholders (fill these manually) --- %%%
@article{park2024generative,
  title={Generative agent simulations of 1,000 people},
  author={Park, Joon Sung and Zou, Carolyn Q and Shaw, Aaron and Hill, Benjamin Mako and Cai, Carrie and Morris, Meredith Ringel and Willer, Robb and Liang, Percy and Bernstein, Michael S},
  journal={arXiv preprint arXiv:2411.10109},
  year={2024}
}

@article{song2023have,
  title={Have large language models developed a personality?: Applicability of self-assessment tests in measuring personality in llms},
  author={Song, Xiaoyang and Gupta, Akshat and Mohebbizadeh, Kiyan and Hu, Shujie and Singh, Anant},
  journal={arXiv preprint arXiv:2305.14693},
  year={2023}
}

@article{suh2025language,
  title={Language Model Fine-Tuning on Scaled Survey Data for Predicting Distributions of Public Opinions},
  author={Suh, Joseph and Jahanparast, Erfan and Moon, Suhong and Kang, Minwoo and Chang, Serina},
  journal={arXiv preprint arXiv:2502.16761},
  year={2025}
}

@techreport{horton2023large,
  title={Large language models as simulated economic agents: What can we learn from homo silicus?},
  author={Horton, John J},
  year={2023},
  institution={National Bureau of Economic Research}
}

@article{leng2024can,
  title={Can LLMs Mimic Human-Like Mental Accounting and Behavioral Biases?},
  author={Leng, Yan},
  journal={Available at SSRN 4705130},
  year={2024}
}

@article{frisch2024llm,
  title={LLM agents in interaction: Measuring personality consistency and linguistic alignment in interacting populations of large language models},
  author={Frisch, Ivar and Giulianelli, Mario},
  journal={arXiv preprint arXiv:2402.02896},
  year={2024}
}

@inproceedings{tommaso2024llms,
  title={LLMs and Personalities: Inconsistencies Across Scales},
  author={Tommaso, Tosato and Hegazy, Mahmood and Lemay, David and Abukalam, Mohammed and Rish, Irina and Dumas, Guillaume},
  booktitle={NeurIPS 2024 Workshop on Behavioral Machine Learning}
}