@misc{serapiogarcía2023personalitytraitslargelanguage,
      title={Personality Traits in Large Language Models}, 
      author={Greg Serapio-García and Mustafa Safdari and Clément Crepy and Luning Sun and Stephen Fitz and Peter Romero and Marwa Abdulhai and Aleksandra Faust and Maja Matarić},
      year={2023},
      eprint={2307.00184},
      archivePrefix={arXiv},
      primaryClass={cs.CL},
      url={https://arxiv.org/abs/2307.00184}, 
}

@misc{frisch2024llmagentsinteractionmeasuring,
      title={LLM Agents in Interaction: Measuring Personality Consistency and Linguistic Alignment in Interacting Populations of Large Language Models}, 
      author={Ivar Frisch and Mario Giulianelli},
      year={2024},
      eprint={2402.02896},
      archivePrefix={arXiv},
      primaryClass={cs.CL},
      url={https://arxiv.org/abs/2402.02896}, 
}

@misc{klinkert2024drivinggenerativeagentspersonality,
      title={Driving Generative Agents With Their Personality}, 
      author={Lawrence J. Klinkert and Stephanie Buongiorno and Corey Clark},
      year={2024},
      eprint={2402.14879},
      archivePrefix={arXiv},
      primaryClass={cs.CL},
      url={https://arxiv.org/abs/2402.14879}, 
}

@misc{huang2024designingllmagentspersonalitiespsychometric,
      title={Designing LLM-Agents with Personalities: A Psychometric Approach}, 
      author={Muhua Huang and Xijuan Zhang and Christopher Soto and James Evans},
      year={2024},
      eprint={2410.19238},
      archivePrefix={arXiv},
      primaryClass={cs.AI},
      url={https://arxiv.org/abs/2410.19238}, 
}

@article{john1999bigfive,
  author = {John, Oliver P. and Srivastava, Sanjay},
  title = {The Big Five Trait Taxonomy: History, Measurement, and Theoretical Perspectives},
  journal = {Handbook of Personality: Theory and Research},
  year = {1999},
  pages = {102--138}
}

@misc{horton2023largelanguagemodelssimulated,
      title={Large Language Models as Simulated Economic Agents: What Can We Learn from Homo Silicus?}, 
      author={John J. Horton},
      year={2023},
      eprint={2301.07543},
      archivePrefix={arXiv},
      primaryClass={econ.GN},
      url={https://arxiv.org/abs/2301.07543}, 
}

@misc{park2024generativeagentsimulations1000,
      title={Generative Agent Simulations of 1,000 People}, 
      author={Joon Sung Park and Carolyn Q. Zou and Aaron Shaw and Benjamin Mako Hill and Carrie Cai and Meredith Ringel Morris and Robb Willer and Percy Liang and Michael S. Bernstein},
      year={2024},
      eprint={2411.10109},
      archivePrefix={arXiv},
      primaryClass={cs.AI},
      url={https://arxiv.org/abs/2411.10109}, 
}

@misc{park2023generativeagentsinteractivesimulacra,
      title={Generative Agents: Interactive Simulacra of Human Behavior}, 
      author={Joon Sung Park and Joseph C. O'Brien and Carrie J. Cai and Meredith Ringel Morris and Percy Liang and Michael S. Bernstein},
      year={2023},
      eprint={2304.03442},
      archivePrefix={arXiv},
      primaryClass={cs.HC},
      url={https://arxiv.org/abs/2304.03442}, 
}

@INPROCEEDINGS{Leng2024-qs,
  title      = "Can {LLMs} mimic human-like mental accounting and behavioral
                biases?",
  booktitle  = "Proceedings of the 25th {ACM} Conference on Economics and
                Computation",
  author     = "Leng, Yan",
  publisher  = "ACM",
  pages      = "581--581",
  month      =  jul,
  year       =  2024,
  address    = "New York, NY, USA",
  copyright  = "http://www.acm.org/publications/policies/copyright\_policy\#Background",
  conference = "EC '24: 25th ACM Conference on Economics and Computation",
  location   = "New Haven CT USA"
}
